<?xml version="1.0" encoding="UTF-8"?><collection xmlns="http://www.loc.gov/MARC21/slim"><record><leader>00568nam--2200181-i-4500</leader><controlfield tag="001">000043037</controlfield><controlfield tag="002">20161230</controlfield><controlfield tag="005">20161230201043</controlfield><controlfield tag="008">060222s1000------------r-----000-0-eng-d</controlfield><datafield ind1=" " ind2=" " tag="040"><subfield code="a">IFIN-HH</subfield></datafield><datafield ind1=" " ind2=" " tag="080"><subfield code="a">539.1.074.24</subfield></datafield><datafield ind1="1" ind2=" " tag="100"><subfield code="a">Wilkins, Homer C</subfield></datafield><datafield ind1=" " ind2=" " tag="245"><subfield code="a">The geiger counter</subfield><subfield code="b">A module on radioactivity and nuclear physics</subfield><subfield code="c">Homer c. wilkins (project director), donald r. stoner, buford guy</subfield></datafield><datafield ind1=" " ind2=" " tag="260"><subfield code="a">New York</subfield><subfield code="b">Mcgraw-hill Book Company</subfield><subfield code="c">1975</subfield></datafield><datafield ind1=" " ind2=" " tag="300"><subfield code="a">35P</subfield></datafield><datafield ind1="1" ind2=" " tag="700"><subfield code="a">Guy, Buford</subfield></datafield><datafield ind1=" " ind2=" " tag="852"><subfield code="a">47315</subfield><subfield code="c">539.1.07:539.1.08</subfield></datafield><datafield ind1=" " ind2=" " tag="CAT"><subfield code="a">Sys</subfield><subfield code="c">20111027</subfield><subfield code="h">132909</subfield></datafield></record></collection>